@article{lumley2004analysis,
  title={Analysis of complex survey samples},
  author={Lumley, Thomas},
  journal={Journal of Statistical Software},
  volume={9},
  number={1},
  pages={1--19},
  year={2004}
}

@article{judkins1990fay,
  title={Fayâ€™s method for variance estimation},
  author={Judkins, David R},
  journal={Journal of Official Statistics},
  volume={6},
  number={3},
  pages={223--239},
  year={1990}
}

@book{lohr2009sampling,
  title={Sampling: design and analysis},
  author={Lohr, Sharon},
  year={2009},
  publisher={Cengage Learning}
}